
<marc:record><marc:leader>03638nam a22004573i 4500</marc:leader>
<marc:controlfield tag="005">20180823100350.0</marc:controlfield>
<marc:controlfield tag="006">m     o  d        </marc:controlfield><marc:controlfield tag="007">cr unu||||||||</marc:controlfield><marc:controlfield tag="008">180123s2018    miuaf   ob    001 0 eng d</marc:controlfield><marc:datafield tag="020" ind1=" " ind2=" "><marc:subfield code="a">9780472123537</marc:subfield><marc:subfield code="q">electronic book</marc:subfield></marc:datafield><marc:datafield tag="020" ind1=" " ind2=" "><marc:subfield code="a">047212353X</marc:subfield></marc:datafield><marc:datafield tag="020" ind1=" " ind2=" "><marc:subfield code="z">9780472073740</marc:subfield><marc:subfield code="q">hardcover</marc:subfield></marc:datafield><marc:datafield tag="020" ind1=" " ind2=" "><marc:subfield code="z">0472073745</marc:subfield></marc:datafield><marc:datafield tag="020" ind1=" " ind2=" "><marc:subfield code="z">9780472053742</marc:subfield><marc:subfield code="q">paperback</marc:subfield></marc:datafield><marc:datafield tag="020" ind1=" " ind2=" "><marc:subfield code="z">0472053744</marc:subfield></marc:datafield><marc:datafield tag="020" ind1=" " ind2=" "><marc:subfield code="a">9780472073740</marc:subfield></marc:datafield><marc:datafield tag="024" ind1="7" ind2=" "><marc:subfield code="a">10.3998/mpub.9753373</marc:subfield><marc:subfield code="2">doi</marc:subfield></marc:datafield><marc:datafield tag="040" ind1=" " ind2=" "><marc:subfield code="a">MiU</marc:subfield><marc:subfield code="b">eng</marc:subfield><marc:subfield code="e">pn</marc:subfield><marc:subfield code="e">rda</marc:subfield><marc:subfield code="c">MiU</marc:subfield></marc:datafield><marc:datafield tag="043" ind1=" " ind2=" "><marc:subfield code="a">n-usu--</marc:subfield><marc:subfield code="a">n-us-al</marc:subfield></marc:datafield><marc:datafield tag="050" ind1=" " ind2="4"><marc:subfield code="a">E185.61</marc:subfield></marc:datafield><marc:datafield tag="100" ind1="1" ind2=" "><marc:subfield code="a">Turner, James P.,</marc:subfield><marc:subfield code="e">author.</marc:subfield></marc:datafield><marc:datafield tag="245" ind1="1" ind2="0"><marc:subfield code="a">Selma and the Liuzzo murder trials :</marc:subfield><marc:subfield code="b">the first modern civil rights convictions /</marc:subfield><marc:subfield code="c">by James P. Turner.</marc:subfield></marc:datafield><marc:datafield tag="264" ind1=" " ind2="1"><marc:subfield code="a">Ann Arbor :</marc:subfield><marc:subfield code="b">University of Michigan Press,</marc:subfield><marc:subfield code="c">[2018]</marc:subfield></marc:datafield><marc:datafield tag="264" ind1=" " ind2="4"><marc:subfield code="c">©2018</marc:subfield></marc:datafield><marc:datafield tag="300" ind1=" " ind2=" "><marc:subfield code="a">1 online resource (xvi, 110 pages, 16 unnumbered pages of plates) :</marc:subfield><marc:subfield code="b">illustrations</marc:subfield></marc:datafield><marc:datafield tag="336" ind1=" " ind2=" "><marc:subfield code="a">text</marc:subfield><marc:subfield code="b">txt</marc:subfield><marc:subfield code="2">rdacontent</marc:subfield></marc:datafield><marc:datafield tag="337" ind1=" " ind2=" "><marc:subfield code="a">computer</marc:subfield><marc:subfield code="b">c</marc:subfield><marc:subfield code="2">rdamedia</marc:subfield></marc:datafield><marc:datafield tag="338" ind1=" " ind2=" "><marc:subfield code="a">online resource</marc:subfield><marc:subfield code="b">cr</marc:subfield><marc:subfield code="2">rdacarrier</marc:subfield></marc:datafield><marc:datafield tag="504" ind1=" " ind2=" "><marc:subfield code="a">Includes bibliographical references and index.</marc:subfield></marc:datafield><marc:datafield tag="505" ind1="0" ind2=" "><marc:subfield code="a">Intro -- Foreword / Ari Berman -- Prologue -- Chapter 1. The Crusade at Selma -- Chapter 2. Death in the Darkness: A Bird's-Eye View of the Murder -- Chapter 3. Starting the Engines of Justice in Alabama -- Chapter 4. Lowndes County: The Spring Term of Court -- Chapter 5. Trial Day One: Selecting the Jury -- Chapter 6. Building a Murder Case -- Chapter 7. Trial Day Two: The Eyewitnesses Rack Up Points -- Chapter 8. Trial Day Three: Murphy Takes on the Feds -- Chapter 9. Trial Day Four: A Twenty-Minute Defense, a Timeless Argument -- Chapter 10. Hayneville's Long, Hot Summer and the Second State Trial --</marc:subfield></marc:datafield><marc:datafield tag="505" ind1="8" ind2=" "><marc:subfield code="a">Chapter 11. The Federal Trial -- Chapter 12. Selma's Aftermath -- Epilogue -- Appendix: Remarks of James P. Turner, Montgomery, Alabama, March 10, 1990 -- Index of Cases, Names, and References.</marc:subfield></marc:datafield><marc:datafield tag="520" ind1=" " ind2=" "><marc:subfield code="a">In 1965 the drive for black voting rights in the south culminated in the epic Selma to Montgomery Freedom March. After brutal state police beatings stunned the nation on &quot;Bloody Sunday,&quot; troops under federal court order lined the route as the march finally made its way to the State Capitol and a triumphant address by Dr. Martin Luther King, Jr. But within hours klan terror struck, claiming the life of one of the marchers, Viola Liuzzo, a Detroit mother of five. Turner offers an insider's view of the three trials that took place over the following nine months--which finally resulted in the conviction of the killers. Despite eyewitness testimony by an FBI informant who was riding in the car with the killers, two all-white state juries refused to convict. It took a team of Civil Rights Division lawyers, led by the legendary John Doar, to produce the landmark jury verdict that klansmen were no longer above the law. This is must reading today, as the voting rights won in Selma come under renewed attack.</marc:subfield></marc:datafield><marc:datafield tag="588" ind1=" " ind2=" "><marc:subfield code="a">Description based on information from the publisher.</marc:subfield></marc:datafield><marc:datafield tag="600" ind1="1" ind2="0"><marc:subfield code="a">Liuzzo, Viola,</marc:subfield><marc:subfield code="d">1925-1965.</marc:subfield></marc:datafield><marc:datafield tag="611" ind1="2" ind2="0"><marc:subfield code="a">Selma to Montgomery Rights March</marc:subfield><marc:subfield code="d">(1965 :</marc:subfield><marc:subfield code="c">Selma, Ala.)</marc:subfield></marc:datafield><marc:datafield tag="650" ind1=" " ind2="0"><marc:subfield code="a">Civil rights movements</marc:subfield><marc:subfield code="z">Southern States</marc:subfield><marc:subfield code="x">History</marc:subfield><marc:subfield code="y">20th century.</marc:subfield></marc:datafield><marc:datafield tag="650" ind1=" " ind2="0"><marc:subfield code="a">Trials (Murder)</marc:subfield><marc:subfield code="z">Alabama.</marc:subfield></marc:datafield><marc:datafield tag="655" ind1=" " ind2="4"><marc:subfield code="a">Electronic books.</marc:subfield></marc:datafield><marc:datafield tag="710" ind1="2" ind2=" "><marc:subfield code="a">Michigan Publishing (University of Michigan)</marc:subfield><marc:subfield code="e">publisher.</marc:subfield></marc:datafield><marc:datafield tag="770" ind1="1" ind2=" "><marc:subfield code="i">Supplement (work):</marc:subfield><marc:subfield code="a">Turner, James P.,</marc:subfield><marc:subfield code="t">Selma and the Liuzzo murder trials.</marc:subfield><marc:subfield code="h">1 online resource (Court documents, court transcripts, exhibits, and memoranda.)</marc:subfield></marc:datafield><marc:datafield tag="856" ind1="4" ind2="0"><marc:subfield code="z">Access to the Michigan Publishing online version:</marc:subfield><marc:subfield code="u">https://doi.org/10.3998/mpub.9753373</marc:subfield></marc:datafield></marc:record>