
<marc:record><marc:leader>04451nam a22003973i 4500</marc:leader>
<marc:controlfield tag="005">20180821163811.0</marc:controlfield>
<marc:controlfield tag="006">m     o  d        </marc:controlfield><marc:controlfield tag="007">cr cn|||||||||</marc:controlfield><marc:controlfield tag="008">171221s2018    miu     ob    001 0 eng  </marc:controlfield><marc:datafield tag="020" ind1=" " ind2=" "><marc:subfield code="a">9780472123568</marc:subfield><marc:subfield code="q">electronic book</marc:subfield></marc:datafield><marc:datafield tag="020" ind1=" " ind2=" "><marc:subfield code="a">0472123564</marc:subfield><marc:subfield code="q">electronic book</marc:subfield></marc:datafield><marc:datafield tag="020" ind1=" " ind2=" "><marc:subfield code="z">9780472037087</marc:subfield><marc:subfield code="q">hardcover</marc:subfield></marc:datafield><marc:datafield tag="024" ind1="7" ind2=" "><marc:subfield code="a">10.3998/mpub.8057139</marc:subfield><marc:subfield code="2">doi</marc:subfield></marc:datafield><marc:datafield tag="040" ind1=" " ind2=" "><marc:subfield code="a">MiU</marc:subfield><marc:subfield code="b">eng</marc:subfield><marc:subfield code="e">pn</marc:subfield><marc:subfield code="e">rda</marc:subfield><marc:subfield code="c">MiU</marc:subfield></marc:datafield><marc:datafield tag="050" ind1="1" ind2="0"><marc:subfield code="a">PS2954.U6</marc:subfield></marc:datafield><marc:datafield tag="245" ind1="0" ind2="0"><marc:subfield code="a">Uncle Tom's cabins :</marc:subfield><marc:subfield code="b">the transnational history of America's most mutable book /</marc:subfield><marc:subfield code="c">edited by Tracy C. Davis and Stefka Mihaylova.</marc:subfield></marc:datafield><marc:datafield tag="264" ind1=" " ind2="1"><marc:subfield code="a">Ann Arbor, Michigan :</marc:subfield><marc:subfield code="b">Michigan Publishing, University of Michigan Library,</marc:subfield><marc:subfield code="c">[2018]</marc:subfield></marc:datafield><marc:datafield tag="264" ind1=" " ind2="4"><marc:subfield code="c">©2018</marc:subfield></marc:datafield><marc:datafield tag="300" ind1=" " ind2=" "><marc:subfield code="a">1 online resource (414 pages) :</marc:subfield><marc:subfield code="b">illustrations, 2 tables.</marc:subfield></marc:datafield><marc:datafield tag="336" ind1=" " ind2=" "><marc:subfield code="a">text</marc:subfield><marc:subfield code="b">txt</marc:subfield><marc:subfield code="2">rdacontent</marc:subfield></marc:datafield><marc:datafield tag="337" ind1=" " ind2=" "><marc:subfield code="a">computer</marc:subfield><marc:subfield code="b">c</marc:subfield><marc:subfield code="2">rdamedia</marc:subfield></marc:datafield><marc:datafield tag="338" ind1=" " ind2=" "><marc:subfield code="a">online resource</marc:subfield><marc:subfield code="b">cr</marc:subfield><marc:subfield code="2">rdacarrier</marc:subfield></marc:datafield><marc:datafield tag="520" ind1=" " ind2=" "><marc:subfield code="a">&quot;As Harriet Beecher Stowe's novel Uncle Tom's Cabin traveled around the world, it was molded by the imaginations and needs of international audiences. For over 150 years it has been coopted for a dazzling array of causes far from what its author envisioned. This book tells thirteen variants of Uncle Tom's journey, explicating the novel's significance for Canadian abolitionists and the Liberian political elite that constituted the runaway characters' landing points; nineteenth-century French theatergoers; liberal Cuban, Romanian, and Spanish intellectuals and social reformers; Dutch colonizers and Filipino nationalists in Southeast Asia; Eastern European Cold War communists; Muslim readers and spectators in the Middle East; Brazilian television audiences; and twentieth-century German holidaymakers. Throughout these encounters, Stowe's story of American slavery serves as a paradigm for understanding oppression, selectively and strategically refracting the African American slave onto other iconic victims and freedom fighters. The book brings together performance historians, literary critics, and media theorists to demonstrate how the myriad cultural and political effects of Stowe's enduring story has transformed it into a global metanarrative with national, regional, and local specificity&quot;--</marc:subfield><marc:subfield code="c">Provided by publisher.</marc:subfield></marc:datafield><marc:datafield tag="505" ind1="0" ind2=" "><marc:subfield code="a">Introduction / Tracy C. Davis and Stefka Mihaylova. I. Destination Points. Oh, Canaan! Following the North Star to Canada / Tracy C. Davis -- &quot;I Go to Liberia&quot;: Following Uncle Tom's Cabin to Africa / Marcy J. Dinius. II. Freedom's Pathways. Eliza's French Fathers: Race, Gender, and Transatlantic Paternalism in French Stage Adaptations of Uncle Tom's Cabin, 1853 / Emily Sahakian -- Representing the Slave Trader: Haley and the Slave Ship; or, Spain's Uncle Tom's Cabin / Lisa Surwillo -- The Bonds of Translation: A Cuban Encounter with Uncle Tom's Cabin / Kahlil Chaar-Pérez -- &quot;Black and White Are One&quot;: Anti-Amalgamation Laws, Roma Slaves, and the Romanian Nation on the Mid-nineteenth-century Moldavian Stage / Ioana Szeman -- &quot;Schwarze Sklaven, Weisse Sklaven&quot;: The German Reception of Harriet Beecher Stowe's Uncle Tom's Cabin / Heike Paul. III. Recirculating Currents. From Abolition to Blackface: The Vicissitudes of Uncle Tom in Brazil / César Braga-Pinto -- Medializing Race: Uncle Tom's Cabin in Colonial Southeast Asia / meLê yamomo -- The Divided Poland: Religion, Race, and the Cold War Politics in the Rozmaito'ci Theater's Production of Uncle Tom's Cabin in Kraków in 1961 / Katarzyna Jakubiak -- Raising Proper Citizens: Uncle Tom's Cabin and the Sentimental Education of Bulgarian Children during the Soviet Era / Stefka Mihaylova -- Harriet Beecher, from Beirut to Tehran: Raising the Cabin in the Middle East / Jeffrey Einboden -- Staging Uncle Tom's Cabin in Tehran / Debra J. Rosenthal.</marc:subfield></marc:datafield><marc:datafield tag="504" ind1=" " ind2=" "><marc:subfield code="a">Includes bibliographical references and index.</marc:subfield></marc:datafield><marc:datafield tag="588" ind1=" " ind2=" "><marc:subfield code="a">Description based on information from the publisher.</marc:subfield></marc:datafield><marc:datafield tag="600" ind1="1" ind2="0"><marc:subfield code="a">Stowe, Harriet Beecher,</marc:subfield><marc:subfield code="d">1811-1896.</marc:subfield><marc:subfield code="t">Uncle Tom's cabin.</marc:subfield></marc:datafield><marc:datafield tag="600" ind1="1" ind2="0"><marc:subfield code="a">Stowe, Harriet Beecher,</marc:subfield><marc:subfield code="d">1811-1896</marc:subfield><marc:subfield code="x">Influence.</marc:subfield></marc:datafield><marc:datafield tag="650" ind1=" " ind2="0"><marc:subfield code="a">Slavery in literature.</marc:subfield></marc:datafield><marc:datafield tag="650" ind1=" " ind2="0"><marc:subfield code="a">African Americans in literature.</marc:subfield></marc:datafield><marc:datafield tag="650" ind1=" " ind2="0"><marc:subfield code="a">Race in literature.</marc:subfield></marc:datafield><marc:datafield tag="655" ind1=" " ind2="4"><marc:subfield code="a">Electronic books.</marc:subfield></marc:datafield><marc:datafield tag="700" ind1="1" ind2=" "><marc:subfield code="a">Davis, Tracy C.,</marc:subfield><marc:subfield code="d">1960-</marc:subfield><marc:subfield code="e">editor.</marc:subfield></marc:datafield><marc:datafield tag="700" ind1="1" ind2=" "><marc:subfield code="a">Mihaylova, Stefka,</marc:subfield><marc:subfield code="e">editor.</marc:subfield></marc:datafield><marc:datafield tag="710" ind1="2" ind2=" "><marc:subfield code="a">Michigan Publishing (University of Michigan)</marc:subfield><marc:subfield code="e">publisher.</marc:subfield></marc:datafield><marc:datafield tag="856" ind1="4" ind2="0"><marc:subfield code="z">Access to the Michigan Publishing online version:</marc:subfield><marc:subfield code="u">https://doi.org/10.3998/mpub.8057139</marc:subfield></marc:datafield></marc:record>