
<marc:record><marc:leader>05670nam a22004453i 4500</marc:leader>
<marc:controlfield tag="005">20180821163608.0</marc:controlfield>
<marc:controlfield tag="006">m     o  d        </marc:controlfield><marc:controlfield tag="007">cr unu||||||||</marc:controlfield><marc:controlfield tag="008">180208s2018    miu     ob    001 0 eng  </marc:controlfield><marc:datafield tag="010" ind1=" " ind2=" "><marc:subfield code="a">2018006204</marc:subfield></marc:datafield><marc:datafield tag="020" ind1=" " ind2=" "><marc:subfield code="a">9780472123605</marc:subfield><marc:subfield code="q">electronic book</marc:subfield></marc:datafield><marc:datafield tag="020" ind1=" " ind2=" "><marc:subfield code="a">0472123602</marc:subfield><marc:subfield code="q">electronic book</marc:subfield></marc:datafield><marc:datafield tag="020" ind1=" " ind2=" "><marc:subfield code="z">9780472073771</marc:subfield><marc:subfield code="q">hardcover</marc:subfield></marc:datafield><marc:datafield tag="020" ind1=" " ind2=" "><marc:subfield code="z">9780472053773</marc:subfield><marc:subfield code="q">paperback</marc:subfield></marc:datafield><marc:datafield tag="024" ind1="7" ind2=" "><marc:subfield code="a">10.3998/mpub.9273938</marc:subfield><marc:subfield code="2">doi</marc:subfield></marc:datafield><marc:datafield tag="040" ind1=" " ind2=" "><marc:subfield code="a">MiU</marc:subfield><marc:subfield code="b">eng</marc:subfield><marc:subfield code="e">pn</marc:subfield><marc:subfield code="e">rda</marc:subfield><marc:subfield code="c">MiU</marc:subfield></marc:datafield><marc:datafield tag="043" ind1=" " ind2=" "><marc:subfield code="a">a-kr---</marc:subfield></marc:datafield><marc:datafield tag="050" ind1="1" ind2="4"><marc:subfield code="a">BJ1500.T73</marc:subfield><marc:subfield code="b">T73 2018</marc:subfield></marc:datafield><marc:datafield tag="245" ind1="0" ind2="0"><marc:subfield code="a">Transgression in Korea :</marc:subfield><marc:subfield code="b">beyond resistance and control /</marc:subfield><marc:subfield code="c">Juhn Y. Ahn, editor.</marc:subfield></marc:datafield><marc:datafield tag="246" ind1="3" ind2="0"><marc:subfield code="a">Beyond resistance and control</marc:subfield></marc:datafield><marc:datafield tag="264" ind1=" " ind2="1"><marc:subfield code="a">Ann Arbor, Michigan :</marc:subfield><marc:subfield code="b">Michigan Publishing, University of Michigan Library,</marc:subfield><marc:subfield code="c">[2018]</marc:subfield></marc:datafield><marc:datafield tag="264" ind1=" " ind2="4"><marc:subfield code="c">©2018</marc:subfield></marc:datafield><marc:datafield tag="300" ind1=" " ind2=" "><marc:subfield code="a">1 online resource (x, 254 pages).</marc:subfield></marc:datafield><marc:datafield tag="336" ind1=" " ind2=" "><marc:subfield code="a">text</marc:subfield><marc:subfield code="b">txt</marc:subfield><marc:subfield code="2">rdacontent</marc:subfield></marc:datafield><marc:datafield tag="337" ind1=" " ind2=" "><marc:subfield code="a">computer</marc:subfield><marc:subfield code="b">c</marc:subfield><marc:subfield code="2">rdamedia</marc:subfield></marc:datafield><marc:datafield tag="338" ind1=" " ind2=" "><marc:subfield code="a">online resource</marc:subfield><marc:subfield code="b">cr</marc:subfield><marc:subfield code="2">rdacarrier</marc:subfield></marc:datafield><marc:datafield tag="490" ind1="1" ind2=" "><marc:subfield code="a">Perspectives on contemporary Korea</marc:subfield></marc:datafield><marc:datafield tag="504" ind1=" " ind2=" "><marc:subfield code="a">Includes bibliographical references and index.</marc:subfield></marc:datafield><marc:datafield tag="520" ind1=" " ind2=" "><marc:subfield code="a">&quot;Since the turn of the millennium South Korea has continued to grapple with transgressions that shook the nation to its core. Following the serial killings of Korea's raincoat killer, the events that led to the dissolution of the United Progressive Party, the criminal negligence of the owner and also the crew members of the sunken Sewol Ferry, as well as the political scandals of 2016, there has been much public debate about morality, transparency, and the law in South Korea. Yet, despite its prevalence in public discourse, transgression in Korea has not received proper scholarly attention. Transgression in Korea challenges the popular conceptions of transgression as resistance to authority, the collapse of morality, and an attempt at self- empowerment. Examples of transgression from premodern, modern, and contemporary Korea are examined side by side to underscore the possibility of reading transgression in more ways than one. These examples are taken from a devotional screen from medieval Korea, trickster tales from the late Choson period, reports about flesh eating humans, newspaper articles about same- sex relationships from colonial Korea, and films about extramarital affairs, wayward youths, and a vengeful vigilante. Bringing together specialists from various disciplines such as history, art history, anthropology, premodern literature, religion, and film studies, the context- sensitive readings of transgression provided in this book suggest that transgression and authority can be seen as forming something other than an antagonistic relationship&quot;--</marc:subfield><marc:subfield code="c">Provided by publisher.</marc:subfield></marc:datafield><marc:datafield tag="520" ind1=" " ind2=" "><marc:subfield code="a">&quot;As the nine chapters that comprise the present volume will try to show, transgression has been feared, disavowed, regulated, interrogated, and enjoyed to fashion and often exploit various sorts of subjectivities in Korea. The boundaries and thresholds that were either erased or respected to make these subjectivities possible, however, were not incommensurate with the instrumental aims of the established socio-political system as assumed by Han. Cannibalism is a good example. As demonstrated in one of the chapters of this book, during the Chosŏn dynasty (1392-1910) cannibalism posed a serious conundrum for a state that sought to find stability and order in the Confucian vision of a well-structured, deferential, and hierarchical society. The state knew that it could encourage the populace to cultivate the Confucian virtue of filial piety by taking advantage of the numerous stories of exemplary men and women sacrificing parts of their bodies to feed their ill parents, but it also knew that malicious rumors of humans eating other humans (as medicine and sustenance) had the potential to threaten the stability of the established social order. In the eyes of the state the human body could be consumed if it was sacrifice but not if it was flesh. The state accordingly made serious effort to ensure that the body consumed remained sacrifice&quot;--</marc:subfield><marc:subfield code="c">Provided by publisher.</marc:subfield></marc:datafield><marc:datafield tag="588" ind1=" " ind2=" "><marc:subfield code="a">Description based on information from the publisher.</marc:subfield></marc:datafield><marc:datafield tag="505" ind1="0" ind2=" "><marc:subfield code="a">Intro -- Contents -- Acknowledgments -- Introduction -- Juhn Y. Ahn -- 1. Transgression as Heaven's Mandate: Buddhist Iconography and Political Resistance in No Painting of 1307 -- Karen S. Hwang -- 2. The Trickster as Transgressor in Traditional Korean Society -- Charles La Shure -- 3. Flesh Eaters and Organ Thieves: Locating Transgression in Korean Cannibalism -- Se-Woong Koo; 4. Suicide : New Women and Media Sensation in Colonial Korea -- Jennifer Yu -- 5. The Cata Cradle: Middle-Class Optics of Desire in Kim Ki-young -- The Housemaid -- Se-Mi Oh.</marc:subfield></marc:datafield><marc:datafield tag="505" ind1="8" ind2=" "><marc:subfield code="a">6. The Political Turn as an Act of Transgression: The Case of Left-Turned-Right Christian Activists -- Myung-Sahm Suh -- 7. Transgressive Academic All-Stars and Conventional Teen Idols: School-Age South Koreans and Hakpumo (School Parents)Navigating the System -- Bonnie Tilland -- 8. Stories of Cruel Youth: The South Korean Anti-Teenager Movie -- Peter Y. Paik -- 9. Unfinished Business? Transgression and Moral Agency in Park Chan-wooka Vengeance Trilogy -- Juhn Y. Ahn -- Epilogue / Juhn Y. Ahn; List of Contributors; Index.</marc:subfield></marc:datafield><marc:datafield tag="650" ind1=" " ind2="0"><marc:subfield code="a">Transgression (Ethics)</marc:subfield><marc:subfield code="x">Social aspects</marc:subfield><marc:subfield code="z">Korea.</marc:subfield></marc:datafield><marc:datafield tag="650" ind1=" " ind2="0"><marc:subfield code="a">Social ethics</marc:subfield><marc:subfield code="z">Korea.</marc:subfield></marc:datafield><marc:datafield tag="655" ind1=" " ind2="4"><marc:subfield code="a">Electronic books.</marc:subfield></marc:datafield><marc:datafield tag="700" ind1="1" ind2=" "><marc:subfield code="a">Ahn, Juhn Young,</marc:subfield><marc:subfield code="e">editor.</marc:subfield></marc:datafield><marc:datafield tag="710" ind1="2" ind2=" "><marc:subfield code="a">Michigan Publishing (University of Michigan)</marc:subfield><marc:subfield code="e">publisher.</marc:subfield></marc:datafield><marc:datafield tag="830" ind1=" " ind2="0"><marc:subfield code="a">Perspectives on contemporary Korea.</marc:subfield></marc:datafield><marc:datafield tag="856" ind1="4" ind2="0"><marc:subfield code="z">Access to the Michigan Publishing online version:</marc:subfield><marc:subfield code="u">https://doi.org/10.3998/mpub.9273938</marc:subfield></marc:datafield></marc:record>