
<marc:record><marc:leader>03658nam a22003613i 4500</marc:leader>
<marc:controlfield tag="005">20180830132928.0</marc:controlfield>
<marc:controlfield tag="006">m     o  d        </marc:controlfield><marc:controlfield tag="007">cr unu||||||||</marc:controlfield><marc:controlfield tag="008">180824t20182018miu     ob    000 | eng d</marc:controlfield><marc:datafield tag="020" ind1=" " ind2=" "><marc:subfield code="a">9780472123827</marc:subfield><marc:subfield code="q">electronic book</marc:subfield></marc:datafield><marc:datafield tag="020" ind1=" " ind2=" "><marc:subfield code="z">9780472037193</marc:subfield><marc:subfield code="q">paperback ;</marc:subfield><marc:subfield code="q">alkaline paper</marc:subfield></marc:datafield><marc:datafield tag="020" ind1=" " ind2=" "><marc:subfield code="z">0472037196</marc:subfield><marc:subfield code="q">paperback ;</marc:subfield><marc:subfield code="q">alkaline paper</marc:subfield></marc:datafield><marc:datafield tag="024" ind1="7" ind2=" "><marc:subfield code="a">10.3998/mpub.9867924</marc:subfield><marc:subfield code="2">doi</marc:subfield></marc:datafield><marc:datafield tag="040" ind1=" " ind2=" "><marc:subfield code="a">MiU</marc:subfield><marc:subfield code="b">eng</marc:subfield><marc:subfield code="e">rda</marc:subfield><marc:subfield code="e">pn</marc:subfield><marc:subfield code="c">MiU</marc:subfield></marc:datafield><marc:datafield tag="050" ind1="0" ind2="0"><marc:subfield code="a">PS3561.E3387</marc:subfield><marc:subfield code="b">A6 2018</marc:subfield></marc:datafield><marc:datafield tag="100" ind1="1" ind2=" "><marc:subfield code="a">Keelan, Claudia,</marc:subfield><marc:subfield code="d">1959-</marc:subfield><marc:subfield code="e">author.</marc:subfield></marc:datafield><marc:datafield tag="245" ind1="1" ind2="0"><marc:subfield code="a">Ecstatic émigré :</marc:subfield><marc:subfield code="b">an ethics of practice /</marc:subfield><marc:subfield code="c">Claudia Keelan.</marc:subfield></marc:datafield><marc:datafield tag="264" ind1=" " ind2="1"><marc:subfield code="a">Ann Arbor, Michigan :</marc:subfield><marc:subfield code="b">University of Michigan Press,</marc:subfield><marc:subfield code="c">[2018]</marc:subfield></marc:datafield><marc:datafield tag="264" ind1=" " ind2="4"><marc:subfield code="c">{copy}2018</marc:subfield></marc:datafield><marc:datafield tag="300" ind1=" " ind2=" "><marc:subfield code="a">1 online resource (168 pages).</marc:subfield></marc:datafield><marc:datafield tag="336" ind1=" " ind2=" "><marc:subfield code="a">text</marc:subfield><marc:subfield code="b">txt</marc:subfield><marc:subfield code="2">rdacontent</marc:subfield></marc:datafield><marc:datafield tag="337" ind1=" " ind2=" "><marc:subfield code="a">computer</marc:subfield><marc:subfield code="b">c</marc:subfield><marc:subfield code="2">rdamedia</marc:subfield></marc:datafield><marc:datafield tag="338" ind1=" " ind2=" "><marc:subfield code="a">online resource</marc:subfield><marc:subfield code="b">cr</marc:subfield><marc:subfield code="2">rdacarrier</marc:subfield></marc:datafield><marc:datafield tag="490" ind1="1" ind2=" "><marc:subfield code="a">Poets on poetry</marc:subfield></marc:datafield><marc:datafield tag="504" ind1=" " ind2=" "><marc:subfield code="a">Includes bibliographical references.</marc:subfield></marc:datafield><marc:datafield tag="505" ind1="0" ind2=" "><marc:subfield code="t">Prologue: reading and writing spiritual utility --</marc:subfield><marc:subfield code="t">Preliminaries --</marc:subfield><marc:subfield code="t">Apology --</marc:subfield><marc:subfield code="t">A concrete memoir --</marc:subfield><marc:subfield code="t">From Without sovereignty --</marc:subfield><marc:subfield code="t">&quot;It might have begun differently&quot; --</marc:subfield><marc:subfield code="t">Revising the parade : against the poetry of witness --</marc:subfield><marc:subfield code="t">Reclaiming paradise --</marc:subfield><marc:subfield code="t">A hinge-history : Robinson Jeffers and Brenda Hillman --</marc:subfield><marc:subfield code="t">A garden is a frame structure --</marc:subfield><marc:subfield code="t">From Erasing names, multiplying alliances (Salt Lake City via Memphis via Las Vegas) --</marc:subfield><marc:subfield code="t">Snow in America (Boston) --</marc:subfield><marc:subfield code="t">Nearing cradle --</marc:subfield><marc:subfield code="t">Native stranger --</marc:subfield><marc:subfield code="t">Lessons of the whirlwind --</marc:subfield><marc:subfield code="t">The citizen stranger : an ethics of definition --</marc:subfield><marc:subfield code="t">The instant --</marc:subfield><marc:subfield code="t">Interview for The Range of the Possible, conducted by Tod Marshall (The Secularist and Utopic) --</marc:subfield><marc:subfield code="t">Interview for Barrow Street, conducted by Derek Pollard (Utopic and The Devotion Field) --</marc:subfield><marc:subfield code="t">The poet on the poem : For My Lost Original : Elegy Is a Seeking in &quot;Everybody's Autobiography&quot; (Missing Her) --</marc:subfield><marc:subfield code="t">Interview for Omnidawn Press, conducted by Rusty Morrison (Truth of My Songs : Poems of the Trobairitz) --</marc:subfield><marc:subfield code="t">Poetics statement for Poetry Society of America, &quot;In their own words&quot; (O, Heart) --</marc:subfield><marc:subfield code="t">Interview with Thomas Barkman for Barrow Street (O, Heart).</marc:subfield></marc:datafield><marc:datafield tag="520" ind1="3" ind2=" "><marc:subfield code="a">&quot;Most think of an émigré as one who leaves her native land to find home in another. Claudia Keelan, in essays both personal and critical, enlists poetic company for her journey, engaging both canonical and common figures, from Gertrude Stein to a prophetic Las Vegas cab driver named Caesar. Mapping her own peripatetic evolution in poetry and her nomadic life, she also engages with Christian and Buddhist doctrines on the virtues of dispossession. Ecstatic Émigré pays homage to poets from Thoreau and Whitman to Alice Notley, all of whom share a commitment to living and writing in the moment. Keelan asks the same questions about the growth of flowers or the meaning of bioluminescence as she does about the poetics of John Cage or George Oppen. Her originality is grounded by the ways in which she connects poetic principles with the spiritual concepts of via negativa demonstrated both in St. John of the Cross and Mahayana Buddhism. In addition, her essays demonstrate an activist spirit and share a commitment to the passive resistance demonstrated in Martin Luther King, Jr.'s concept of the &quot;beloved community&quot; and philosopher Simone Weil's dedication to &quot;exile.&quot;&quot;</marc:subfield></marc:datafield><marc:datafield tag="588" ind1=" " ind2=" "><marc:subfield code="a">Description based on information from the publisher.</marc:subfield></marc:datafield><marc:datafield tag="650" ind1=" " ind2="0"><marc:subfield code="a">Poetics.</marc:subfield></marc:datafield><marc:datafield tag="655" ind1=" " ind2="4"><marc:subfield code="a">Electronic books.</marc:subfield></marc:datafield><marc:datafield tag="710" ind1="2" ind2=" "><marc:subfield code="a">Michigan Publishing (University of Michigan)</marc:subfield><marc:subfield code="e">issuing body,</marc:subfield><marc:subfield code="e">publisher.</marc:subfield></marc:datafield><marc:datafield tag="830" ind1=" " ind2="0"><marc:subfield code="a">Poets on poetry.</marc:subfield></marc:datafield><marc:datafield tag="856" ind1="4" ind2="0"><marc:subfield code="z">Access to the Michigan Publishing online version:</marc:subfield><marc:subfield code="u">https://doi.org/10.3998/mpub.9867924</marc:subfield></marc:datafield></marc:record>