
<marc:record><marc:leader>06264nam a22005053i 4500</marc:leader>
<marc:controlfield tag="005">20180830151729.0</marc:controlfield>
<marc:controlfield tag="006">m     o  d        </marc:controlfield><marc:controlfield tag="007">cr unu||||||||</marc:controlfield><marc:controlfield tag="008">180828t20182018miua    ob    001 0 eng d</marc:controlfield><marc:datafield tag="020" ind1=" " ind2=" "><marc:subfield code="a">9780472123971</marc:subfield><marc:subfield code="q">electronic book</marc:subfield></marc:datafield><marc:datafield tag="020" ind1=" " ind2=" "><marc:subfield code="z">9780472130870</marc:subfield><marc:subfield code="q">hardcover ;</marc:subfield><marc:subfield code="q">alkaline paper</marc:subfield></marc:datafield><marc:datafield tag="024" ind1="7" ind2=" "><marc:subfield code="a">10.3998/mpub.9519745</marc:subfield><marc:subfield code="2">doi</marc:subfield></marc:datafield><marc:datafield tag="040" ind1=" " ind2=" "><marc:subfield code="a">MiU</marc:subfield><marc:subfield code="b">eng</marc:subfield><marc:subfield code="e">rda</marc:subfield><marc:subfield code="e">pn</marc:subfield><marc:subfield code="c">MiU</marc:subfield></marc:datafield><marc:datafield tag="043" ind1=" " ind2=" "><marc:subfield code="a">f-ua---</marc:subfield><marc:subfield code="a">n-us-mi</marc:subfield></marc:datafield><marc:datafield tag="050" ind1="1" ind2="4"><marc:subfield code="a">PA3315.K37</marc:subfield><marc:subfield code="b">P37 2018</marc:subfield></marc:datafield><marc:datafield tag="245" ind1="0" ind2="0"><marc:subfield code="a">Papyri from Karanis :</marc:subfield><marc:subfield code="b">the Granary C123 (P. Mich. XXI) /</marc:subfield><marc:subfield code="c">W. Graham Claytor, Arthur Verhoogt, editors ; with the assistance of Paul Heilporn and Samantha Lash and contributions by [ten others].</marc:subfield></marc:datafield><marc:datafield tag="264" ind1=" " ind2="1"><marc:subfield code="a">Ann Arbor, Michigan :</marc:subfield><marc:subfield code="b">University of Michigan Press,</marc:subfield><marc:subfield code="c">[2018]</marc:subfield></marc:datafield><marc:datafield tag="264" ind1=" " ind2="4"><marc:subfield code="c">©2018</marc:subfield></marc:datafield><marc:datafield tag="300" ind1=" " ind2=" "><marc:subfield code="a">1 online resource (216 pages) :</marc:subfield><marc:subfield code="b">illustrations.</marc:subfield></marc:datafield><marc:datafield tag="336" ind1=" " ind2=" "><marc:subfield code="a">text</marc:subfield><marc:subfield code="b">txt</marc:subfield><marc:subfield code="2">rdacontent</marc:subfield></marc:datafield><marc:datafield tag="337" ind1=" " ind2=" "><marc:subfield code="a">computer</marc:subfield><marc:subfield code="b">c</marc:subfield><marc:subfield code="2">rdamedia</marc:subfield></marc:datafield><marc:datafield tag="338" ind1=" " ind2=" "><marc:subfield code="a">online resource</marc:subfield><marc:subfield code="b">cr</marc:subfield><marc:subfield code="2">rdacarrier</marc:subfield></marc:datafield><marc:datafield tag="490" ind1="1" ind2=" "><marc:subfield code="a">Michigan papyri ;</marc:subfield><marc:subfield code="v">volume XXI</marc:subfield></marc:datafield><marc:datafield tag="504" ind1=" " ind2=" "><marc:subfield code="a">Includes bibliographical references and index.</marc:subfield></marc:datafield><marc:datafield tag="505" ind1="0" ind2=" "><marc:subfield code="a">Intro; Contents; List of Contributors; Preface; Abbreviations; List of Figures; List of Tables; Notes for the Reader; 1. Introduction; 1.1. History of Karanis; 1.2. Archaeological Activity at Karanis; 1.3. The University of Michigan Excavations; 2. Granary C123; 2.1. The Excavation of C123; 2.2. Building Context, Original Use, and Development; 2.3. The Second Floor, B202, and Dump 132*; 2.4. Preliminary Conclusions; Texts; The Karanis Prayer Papyrus; Introduction: A Greco-Egyptian Perspective on Imperial Worship in the Time of Hadrian</marc:subfield></marc:datafield><marc:datafield tag="505" ind1="8" ind2=" "><marc:subfield code="a">827 Community Prayer to Emperor and Gods PH/TG ca. 120-24 CE828 Tax Register PH/TG I-II CE; Other Documents from C123; Room CE; 829 Cover of Wax Tablet WGC II-III CE; 830 Record of Tax Payments SL 308 CE or later; Room CF; 831 Fragment of an Astrological Treatise TM II CE; Room CG; 832 Account AV Before 137 CE; 833 List of Names AV II CE; 834 List of Toponyms WGC Middle to late IV CE; 835 Document concerning the State Levy for Mules WGC IV CE; Room BG; 836 Receipt Issued by Nomarchs WGC September 3, 129 CE; 837 Day-by-Day Register WGC/AP Late I to early II CE</marc:subfield></marc:datafield><marc:datafield tag="505" ind1="8" ind2=" "><marc:subfield code="a">838 Petition concerning Assault and Theft WGC Late I to mid-II CERoom CCH; 839 Receipt for Rent WGC/JS 300/301 (?) CE; 840 Letter (?) in Chancery Style WGC/LL IV CE; 841 Register WGC/JJM Late I to early II CE; 842 Declaration of Uninundated Land WGC 157/58 or 158/59 CE; 843 Latin Letter PH II CE 121 Rooms CCI, CCJ, BBI, and BBJ; 844 List of Names WGC Mid-III to early IV CE; 845 Penthemeros Certificate with Fraudulence Clause WGC 87/88 CE; 846 Renunciation of Claims WGC/PH 91-96 CE; 847 Receipt of a Signifer SL/AV 96/97 CE</marc:subfield></marc:datafield><marc:datafield tag="505" ind1="8" ind2=" "><marc:subfield code="a">848 Legal Document (Including a Petition to the Epistrategos) ML After 139/40 CE849 Lease of an Orchard WGC Late I to early II CE; 850 List of Weavers WGC II-III CE; 851 List of Names WGC Late I to early II CE; 852 Fragment of a Legal Document AK/TM Late I to early II CE; 853 Fragment of a Letter WGC/AK/TM June-July 122 CE; 854 Private Account and Letter WGC/DCS II CE; Room CJ; 855 Receipts for Garden Taxes WGC 145 (?)-146/ 47 CE; Room BJ; 856 Letter of Sempronius to Sabinus SL II-III CE; Room CL; 857 Fragment of a Petition (?) WGC II CE</marc:subfield></marc:datafield><marc:datafield tag="505" ind1="8" ind2=" "><marc:subfield code="a">858 Document Mentioning Villages and People AV Second half of II CEBins CT, CS, and CR; 859 Petition (?) to the Epistates of Karanis WGC I BCE; 860 Fragment of a Petition (?) APH/SL/DCS 176-79 (?) CE; 861 Dating Formula AK/DCS 258-60 CE; Room CO; 862 Public Bid for Lease from a Tomos Synkollesimos WGC/AV II CE; 863 Document SL III CE; Bibliography; Index; Greek; I. Roman Emperors; II. Chronology; III. Personal names; IV. Religion; V. Geography and Topography; VI. Official and Military; VII. Occupations; VIII. Taxes; IX. General; Latin; Topics</marc:subfield></marc:datafield><marc:datafield tag="520" ind1="3" ind2=" "><marc:subfield code="a">Papyri from Karanis: The Granary C123 is the twenty- first volume of University of Michigan papyri and the fourth devoted to texts from the University's excavations at Karanis. The volume offers a contextualized edition of thirty-seven documents found in a single structure, a large granary (C123) originally built in the first century CE, in addition to an analysis of the archaeology and history of the structure. The documents are presented with an introduction, transcription of the original Greek or Latin, translation, commentary, and images. A unique community prayer to the emperor and gods (827) is the volume's most notable contribution. The other papyri are a mix of private and public documents (petitions, declarations, letters, lists, etc.) that date from between the first century BCE and the fourth century CE. The typological and chronological mix of texts shows that they do not form an undisturbed archive but were rather a dump of wastepaper and other household objects. Michigan's excavated papyri are here presented for the first time on the basis of their archaeological find spot rather than being organized according to content. The volume's introduction provides a possible model for analyzing legacy data from the Karanis excavations stored at the University of Michigan. The book will be of interest to papyrologists, ancient historians, and archaeologists of Greco-Roman Egypt.</marc:subfield></marc:datafield><marc:datafield tag="546" ind1=" " ind2=" "><marc:subfield code="a">In Greek and English.</marc:subfield></marc:datafield><marc:datafield tag="588" ind1=" " ind2=" "><marc:subfield code="a">Description based on information from publisher.</marc:subfield></marc:datafield><marc:datafield tag="610" ind1="2" ind2="0"><marc:subfield code="a">University of Michigan.</marc:subfield><marc:subfield code="b">Library.</marc:subfield><marc:subfield code="k">Manuscript.</marc:subfield><marc:subfield code="n">P. Mich. 21.</marc:subfield></marc:datafield><marc:datafield tag="650" ind1=" " ind2="0"><marc:subfield code="a">Manuscripts, Greek (Papyri)</marc:subfield><marc:subfield code="z">Egypt</marc:subfield><marc:subfield code="z">Karanis (Extinct city)</marc:subfield></marc:datafield><marc:datafield tag="650" ind1=" " ind2="0"><marc:subfield code="a">Manuscripts, Greek (Papyri)</marc:subfield><marc:subfield code="z">Michigan</marc:subfield><marc:subfield code="z">Ann Arbor.</marc:subfield></marc:datafield><marc:datafield tag="650" ind1=" " ind2="0"><marc:subfield code="a">Granaries</marc:subfield><marc:subfield code="z">Egypt</marc:subfield><marc:subfield code="z">Karanis (Extinct city)</marc:subfield><marc:subfield code="v">Early works to 1800.</marc:subfield></marc:datafield><marc:datafield tag="651" ind1=" " ind2="0"><marc:subfield code="a">Kawm Awshīm (Egypt)</marc:subfield><marc:subfield code="x">Antiquities.</marc:subfield></marc:datafield><marc:datafield tag="655" ind1=" " ind2="4"><marc:subfield code="a">Electronic books.</marc:subfield></marc:datafield><marc:datafield tag="700" ind1="1" ind2=" "><marc:subfield code="a">Claytor, W. Graham,</marc:subfield><marc:subfield code="c">VI</marc:subfield><marc:subfield code="q">(William Graham),</marc:subfield><marc:subfield code="d">1983-</marc:subfield><marc:subfield code="e">editor.</marc:subfield></marc:datafield><marc:datafield tag="700" ind1="1" ind2=" "><marc:subfield code="a">Verhoogt, A. M. F. W.</marc:subfield><marc:subfield code="q">(Arthur M. F. W.),</marc:subfield><marc:subfield code="e">editor.</marc:subfield></marc:datafield><marc:datafield tag="710" ind1="2" ind2=" "><marc:subfield code="a">University of Michigan.</marc:subfield><marc:subfield code="b">Library.</marc:subfield><marc:subfield code="k">Manuscript.</marc:subfield><marc:subfield code="n">P. Mich. 21</marc:subfield><marc:subfield code="l">English.</marc:subfield></marc:datafield><marc:datafield tag="710" ind1="2" ind2=" "><marc:subfield code="a">University of Michigan.</marc:subfield><marc:subfield code="b">Library.</marc:subfield><marc:subfield code="k">Manuscript.</marc:subfield><marc:subfield code="n">P. Mich. 21.</marc:subfield></marc:datafield><marc:datafield tag="710" ind1="2" ind2=" "><marc:subfield code="a">Michigan Publishing (University of Michigan)</marc:subfield><marc:subfield code="e">issuing body.</marc:subfield></marc:datafield><marc:datafield tag="830" ind1=" " ind2="0"><marc:subfield code="a">Michigan papyri.</marc:subfield></marc:datafield><marc:datafield tag="856" ind1="4" ind2="0"><marc:subfield code="z">Access to the Michigan Publishing online version:</marc:subfield><marc:subfield code="u">https://doi.org/10.3998/mpub.9519745</marc:subfield></marc:datafield></marc:record>