
<marc:record><marc:leader>03721cam a2200421 i 4500</marc:leader>
<marc:controlfield tag="005">20180904114147.0</marc:controlfield>
<marc:controlfield tag="006">m     o  d        </marc:controlfield><marc:controlfield tag="007">cr unu||||||||</marc:controlfield><marc:controlfield tag="008">180418s2018    miu     ob   s001 0 eng  </marc:controlfield><marc:datafield tag="020" ind1=" " ind2=" "><marc:subfield code="a">9780472130962</marc:subfield><marc:subfield code="q">(hardcover)</marc:subfield></marc:datafield><marc:datafield tag="020" ind1=" " ind2=" "><marc:subfield code="a">047213096X</marc:subfield></marc:datafield><marc:datafield tag="024" ind1="7" ind2=" "><marc:subfield code="a">10.3998/mpub.9877127</marc:subfield><marc:subfield code="2">doi</marc:subfield></marc:datafield><marc:datafield tag="040" ind1=" " ind2=" "><marc:subfield code="a">MiU</marc:subfield><marc:subfield code="b">eng</marc:subfield><marc:subfield code="e">pn</marc:subfield><marc:subfield code="e">rda</marc:subfield><marc:subfield code="c">MiU</marc:subfield></marc:datafield><marc:datafield tag="042" ind1=" " ind2=" "><marc:subfield code="a">pcc</marc:subfield></marc:datafield><marc:datafield tag="043" ind1=" " ind2=" "><marc:subfield code="a">a-ja---</marc:subfield></marc:datafield><marc:datafield tag="049" ind1=" " ind2=" "><marc:subfield code="a">EY2L</marc:subfield></marc:datafield><marc:datafield tag="050" ind1="0" ind2="0"><marc:subfield code="a">ND1059.6.G4</marc:subfield><marc:subfield code="b">J33 2018</marc:subfield></marc:datafield><marc:datafield tag="100" ind1="1" ind2=" "><marc:subfield code="a">Jackson, Reginald R.,</marc:subfield><marc:subfield code="d">1979-</marc:subfield><marc:subfield code="e">author.</marc:subfield></marc:datafield><marc:datafield tag="245" ind1="1" ind2="0"><marc:subfield code="a">Textures of mourning :</marc:subfield><marc:subfield code="b">calligraphy, mortality, and The Tale of Genji scrolls /</marc:subfield><marc:subfield code="c">Reginald Jackson.</marc:subfield></marc:datafield><marc:datafield tag="264" ind1=" " ind2="1"><marc:subfield code="a">Ann Arbor, Michigan :</marc:subfield><marc:subfield code="b">University of Michigan Press,</marc:subfield><marc:subfield code="c">[2018]</marc:subfield></marc:datafield><marc:datafield tag="300" ind1=" " ind2=" "><marc:subfield code="a">1 online resource.</marc:subfield></marc:datafield><marc:datafield tag="336" ind1=" " ind2=" "><marc:subfield code="a">text</marc:subfield><marc:subfield code="b">txt</marc:subfield><marc:subfield code="2">rdacontent</marc:subfield></marc:datafield><marc:datafield tag="337" ind1=" " ind2=" "><marc:subfield code="a">computer</marc:subfield><marc:subfield code="b">c</marc:subfield><marc:subfield code="2">rdamedia</marc:subfield></marc:datafield><marc:datafield tag="338" ind1=" " ind2=" "><marc:subfield code="a">online resource</marc:subfield><marc:subfield code="b">cr</marc:subfield><marc:subfield code="2">rdacarrier</marc:subfield></marc:datafield><marc:datafield tag="490" ind1="0" ind2=" "><marc:subfield code="a">Michigan monograph series in Japanese studies ;</marc:subfield><marc:subfield code="v">number 84</marc:subfield></marc:datafield><marc:datafield tag="504" ind1=" " ind2=" "><marc:subfield code="a">Includes bibliographical references and index.</marc:subfield></marc:datafield><marc:datafield tag="520" ind1=" " ind2=" "><marc:subfield code="a">How does mourning emerge to reshape Japanese visual culture? Textures of Mourning addresses this question by examining engrossing literary and visual portrayals of death and its aftermath from The Tale of Genji and its adaptations. Contending that the work of mourning unfolds through interwoven practices of reading, writing, painting, and public exhibition, Reginald Jackson charts how mourning spurs artistic composition, triggers visceral responses, and seduces spectators in both premodern and contemporary Japan. Textures of Mourning delineates the intimate relationship between mourning and reading at three historical tipping points: the height of imperial power in the early eleventh century, when the literary masterwork The Tale of Genji (1008) was written; the collapse of imperial hegemony in the late-twelfth century, when Genji's most famous handscroll adaptation was composed (1150); and the post-bubble recessionary context in which those handscrolls were refashioned as the &quot;Resurrected Genji Handscrolls&quot; (2006). As material objects wrought at comparable moments of social upheaval, these texts become vehicles through which to mourn perished ideals of vitality, prosperity, and belonging. Textures of Mourning is the first full-length manuscript in English to investigate these texts' complex relationship across eras. By analyzing dozens of sumptuous images, the book pursues mortality's progression over four sections-&quot;Dying,&quot; &quot;Decomposing,&quot; &quot;Mourning,&quot; and &quot;Resurrecting&quot;-each of which contextualizes factual and fictional accounts of reckoning with death to discern the mechanics of mourning's labor. A major intervention of the book is to theorize how the riveting opacity, coarse materiality, and skewed temporality of premodern forms trouble modern regimes of looking, feeling, and knowing.</marc:subfield></marc:datafield><marc:datafield tag="520" ind1=" " ind2=" "><marc:subfield code="a"> Drawing upon scholarship in premodern Japanese literary studies, art history, and performance studies, the book's innovative trans-disciplinary readings reorient psychoanalytic criticism and performance theory to map the fluctuating topography of calligraphic gestures.</marc:subfield></marc:datafield><marc:datafield tag="588" ind1=" " ind2=" "><marc:subfield code="a">Description based on information from the publisher.</marc:subfield></marc:datafield><marc:datafield tag="630" ind1="0" ind2="0"><marc:subfield code="a">Genji monogatari emaki.</marc:subfield></marc:datafield><marc:datafield tag="600" ind1="0" ind2="0"><marc:subfield code="a">Murasaki Shikibu,</marc:subfield><marc:subfield code="d">978?-</marc:subfield><marc:subfield code="t">Genji monogatari</marc:subfield><marc:subfield code="v">Illustrations.</marc:subfield></marc:datafield><marc:datafield tag="650" ind1=" " ind2="0"><marc:subfield code="a">Scrolls, Japanese</marc:subfield><marc:subfield code="y">Heian period, 794-1185.</marc:subfield></marc:datafield><marc:datafield tag="650" ind1=" " ind2="0"><marc:subfield code="a">Mortality in art.</marc:subfield></marc:datafield><marc:datafield tag="650" ind1=" " ind2="0"><marc:subfield code="a">Calligraphy, Japanese</marc:subfield><marc:subfield code="x">Psychological aspects.</marc:subfield></marc:datafield><marc:datafield tag="650" ind1=" " ind2="0"><marc:subfield code="a">Japanese literature</marc:subfield><marc:subfield code="y">Heian period, 794-1185</marc:subfield><marc:subfield code="x">History and criticism.</marc:subfield></marc:datafield><marc:datafield tag="651" ind1=" " ind2="0"><marc:subfield code="a">Japan</marc:subfield><marc:subfield code="x">Civilization.</marc:subfield></marc:datafield><marc:datafield tag="710" ind1="2" ind2=" "><marc:subfield code="a">Michigan Publishing (University of Michigan)</marc:subfield><marc:subfield code="e">publisher.</marc:subfield></marc:datafield><marc:datafield tag="856" ind1="4" ind2="0"><marc:subfield code="z">Access to the Michigan Publishing online version:</marc:subfield><marc:subfield code="u">https://doi.org/10.3998/mpub.9877127</marc:subfield></marc:datafield></marc:record>