
<marc:record><marc:leader>03844nam a22003733i 4500</marc:leader>
<marc:controlfield tag="005">20180914150035.0</marc:controlfield>
<marc:controlfield tag="006">m     o  d        </marc:controlfield><marc:controlfield tag="007">cr unu||||||||</marc:controlfield><marc:controlfield tag="008">180912t20182018miua    ob    000 0 eng d</marc:controlfield><marc:datafield tag="020" ind1=" " ind2=" "><marc:subfield code="a">9780472124305</marc:subfield><marc:subfield code="q">electronic book</marc:subfield></marc:datafield><marc:datafield tag="020" ind1=" " ind2=" "><marc:subfield code="z">9780472131020</marc:subfield><marc:subfield code="q">hardcover</marc:subfield></marc:datafield><marc:datafield tag="024" ind1="7" ind2=" "><marc:subfield code="a">10.3998/mpub.9946117</marc:subfield><marc:subfield code="2">doi</marc:subfield></marc:datafield><marc:datafield tag="040" ind1=" " ind2=" "><marc:subfield code="a">MiU</marc:subfield><marc:subfield code="b">eng</marc:subfield><marc:subfield code="e">rda</marc:subfield><marc:subfield code="e">pn</marc:subfield><marc:subfield code="c">MiU</marc:subfield></marc:datafield><marc:datafield tag="050" ind1=" " ind2="4"><marc:subfield code="a">JF1005</marc:subfield></marc:datafield><marc:datafield tag="245" ind1="0" ind2="4"><marc:subfield code="a">The many faces of strategic voting :</marc:subfield><marc:subfield code="b">tactical behavior in electoral systems around the world /</marc:subfield><marc:subfield code="c">Edited by Laura B. Stephenson, John H. Aldrich, and André Blais.</marc:subfield></marc:datafield><marc:datafield tag="246" ind1="3" ind2="0"><marc:subfield code="a">Tactical behavior in electoral systems around the world</marc:subfield></marc:datafield><marc:datafield tag="264" ind1=" " ind2="1"><marc:subfield code="a">Ann Arbor, Michigan :</marc:subfield><marc:subfield code="b">University of Michigan Press,</marc:subfield><marc:subfield code="c">[2018]</marc:subfield></marc:datafield><marc:datafield tag="264" ind1=" " ind2="4"><marc:subfield code="c">{copy}2018</marc:subfield></marc:datafield><marc:datafield tag="300" ind1=" " ind2=" "><marc:subfield code="a">1 online resource (280 pages) :</marc:subfield><marc:subfield code="b">17 charts, 68 tables</marc:subfield></marc:datafield><marc:datafield tag="336" ind1=" " ind2=" "><marc:subfield code="a">text</marc:subfield><marc:subfield code="b">txt</marc:subfield><marc:subfield code="2">rdacontent</marc:subfield></marc:datafield><marc:datafield tag="337" ind1=" " ind2=" "><marc:subfield code="a">computer</marc:subfield><marc:subfield code="b">c</marc:subfield><marc:subfield code="2">rdamedia</marc:subfield></marc:datafield><marc:datafield tag="338" ind1=" " ind2=" "><marc:subfield code="a">online resource</marc:subfield><marc:subfield code="b">cr</marc:subfield><marc:subfield code="2">rdacarrier</marc:subfield></marc:datafield><marc:datafield tag="504" ind1=" " ind2=" "><marc:subfield code="a">Includes bibliographical references.</marc:subfield></marc:datafield><marc:datafield tag="505" ind1="0" ind2=" "><marc:subfield code="t">Strategic Voting and Political Institutions /</marc:subfield><marc:subfield code="r">John H. Aldrich, André Blais, and Laura B. Stephenson --</marc:subfield><marc:subfield code="t">The Effect of National and Constituency Expectations on Tactical Voting in the British General Election of 2010 /</marc:subfield><marc:subfield code="r">Paul R. Abramson, John H. Aldrich, Abraham Diskin, Aaron M. Houck, Renan Levine, Thomas J. Scotto, and David B. Sparks --</marc:subfield><marc:subfield code="t">Strategic Voting in Changing Times: The 2016 Election in Spain /</marc:subfield><marc:subfield code="r">Ignacio Lago --</marc:subfield><marc:subfield code="t">Support for Minority Government and Strategic Voting /</marc:subfield><marc:subfield code="r">Jean-François Daoust --</marc:subfield><marc:subfield code="t">Information on Party Strength and Strategic Voting: Evidence of Non-Effects from a Randomized Experiment /</marc:subfield><marc:subfield code="r">André Blais, Peter Loewen, Daniel Rubenson, Laura B. Stephenson, and Elisabeth Gidengil --</marc:subfield><marc:subfield code="t">Expected Electoral Performance, Candidate Quality, and Voter Strategic Coordination: The Case of Japan /</marc:subfield><marc:subfield code="r">Carolina Plescia --</marc:subfield><marc:subfield code="t">Strategic Coalition Voting in Belgium: The 2014 Federal and Regional Elections /</marc:subfield><marc:subfield code="r">Tom Verthé and Stefanie Beyens --</marc:subfield><marc:subfield code="t">Voting Strategically in Two-Vote Elections /</marc:subfield><marc:subfield code="r">Philipp Harfst, André Blais, and Damien Bol --</marc:subfield><marc:subfield code="t">Strategic Voting in Multiwinner Elections with Approval Balloting: An Application to the 2011 Regional Government Election in Zurich /</marc:subfield><marc:subfield code="r">Karine Van der Straeten, Romain Lachat, and Jean-François Laslier --</marc:subfield><marc:subfield code="t">Sincere Voting, Strategic Voting: A Laboratory Experiment Using Alternative Proportional Systems /</marc:subfield><marc:subfield code="r">Isabelle Lebon, Antoinette Baujard, Frédéric Gavrel, Herrade Igersheim, and Jean-François Laslier.</marc:subfield></marc:datafield><marc:datafield tag="520" ind1="3" ind2=" "><marc:subfield code="a">Voters do not always choose their preferred candidate on election day. Often they cast their ballots to prevent a particular outcome, as when their own preferred candidate has no hope of winning and they want to prevent another, undesirable candidate's victory; or, they vote to promote a single-party majority in parliamentary systems, when their own candidate is from a party that has no hope of winning. In their thought-provoking book The Many Faces of Strategic Voting, Laura B. Stephenson, John H. Aldrich, and André Blais first provide a conceptual framework for understanding why people vote strategically, and what the differences are between sincere and strategic voting behaviors. Expert contributors then explore the many facets of strategic voting through case studies in Great Britain, Spain, Canada, Japan, Belgium, Germany, Switzerland, and the European Union.</marc:subfield></marc:datafield><marc:datafield tag="588" ind1=" " ind2=" "><marc:subfield code="a">Description based on information from publisher.</marc:subfield></marc:datafield><marc:datafield tag="650" ind1=" " ind2="0"><marc:subfield code="a">Voting research.</marc:subfield></marc:datafield><marc:datafield tag="650" ind1=" " ind2="0"><marc:subfield code="a">Voting</marc:subfield><marc:subfield code="v">Case studies.</marc:subfield></marc:datafield><marc:datafield tag="655" ind1=" " ind2="4"><marc:subfield code="a">Electronic books.</marc:subfield></marc:datafield><marc:datafield tag="700" ind1="1" ind2=" "><marc:subfield code="a">Stephenson, Laura Beth,</marc:subfield><marc:subfield code="d">1976-</marc:subfield><marc:subfield code="e">editor.</marc:subfield></marc:datafield><marc:datafield tag="700" ind1="1" ind2=" "><marc:subfield code="a">Aldrich, John H.,</marc:subfield><marc:subfield code="d">1947-</marc:subfield><marc:subfield code="e">editor.</marc:subfield></marc:datafield><marc:datafield tag="700" ind1="1" ind2=" "><marc:subfield code="a">Blais, André,</marc:subfield><marc:subfield code="d">1947-</marc:subfield><marc:subfield code="e">editor.</marc:subfield></marc:datafield><marc:datafield tag="710" ind1="2" ind2="2"><marc:subfield code="a">Michigan Publishing (University of Michigan)</marc:subfield><marc:subfield code="e">issuing body.</marc:subfield></marc:datafield><marc:datafield tag="856" ind1="4" ind2="0"><marc:subfield code="z">Access to the Michigan Publishing online version:</marc:subfield><marc:subfield code="u">https://doi.org/10.3998/mpub.9946117</marc:subfield></marc:datafield></marc:record>